

@online{SmallSat_project_description,
author = "Mariusz E. Grøtte",
title = "NTNU SmallSat: a Hyper-spectral imaging mission
",
url = "
https://www.ntnu.edu/documents/20587845/1277298890/022_Gr%C2%A2tte_NTNU_SmallSat_Mission.pdf/f98477c2-4fb3-4fa9-a01d-d732c93b53a6
",
}



@online{laksedeath,
author = "Øystein Antonsen",
title = "Alger drepte trolig 38.000 laks på oppdrettsanlegg
",
url = "
https://www.nrk.no/troms/alger-drepte-trolig-38.000-laks-pa-oppdrettsanlegg-1.13633680
",
}

